% references.bib
@article{hanson2001,
  author = {Hanson, Robin},
  title = {Shall We Vote on Values, But Bet on Beliefs?},
  journal = {Journal of Political Philosophy},
  volume = {9},
  number = {3},
  pages = {265--289},
  year = {2001},
  doi = {10.1111/1467-9760.00128}
}

@book{hanson2013,
  author = {Hanson, Robin},
  title = {Shall We Vote on Values, But Bet on Beliefs?},
  booktitle = {Collected Papers on Prediction Markets},
  year = {2013}
}

@book{hanson2016,
  author = {Hanson, Robin},
  title = {The Age of Em: Work, Love and Life when Robots Rule the Earth},
  publisher = {Oxford University Press},
  year = {2016}
}

@misc{hanson2021,
  author = {Hanson, Robin},
  title = {Grabby Aliens},
  year = {2021},
  howpublished = {Working paper},
  url = {https://grabbyaliens.com}
}

@misc{hanson2009,
  author = {Hanson, Robin},
  title = {Show Them the Numbers},
  year = {2009},
  howpublished = {Overcoming Bias Blog},
  url = {https://www.overcomingbias.com}
}

@misc{lunar2024,
  author = {{The Lunar Society}},
  title = {Robin Hanson on Vacuum Decay, von Neumann Probes, and Grabby Aliens},
  year = {2024},
  howpublished = {Podcast},
  url = {https://youtu.be/me3sHm11Emg?si=CLOs7hX4oPaFv8O2}
}

@misc{econtalk2007,
  author = {Roberts, Russ and Hanson, Robin},
  title = {Robin Hanson on Futarchy},
  year = {2007},
  howpublished = {EconTalk Podcast},
  url = {https://www.econtalk.org/robin-hanson-on-futarchy}
}

@misc{fridman2021,
  author = {Fridman, Lex and Hanson, Robin},
  title = {Robin Hanson: Prediction Markets, Sex, and the Future},
  year = {2021},
  howpublished = {Lex Fridman Podcast, Episode \#140},
  url = {https://lexfridman.com/robin-hanson}
}

@misc{bbc2021,
  author = {{BBC Future}},
  title = {The Economist Who Thinks Aliens Will Rule the Galaxy},
  year = {2021},
  howpublished = {Online Article},
  url = {https://www.bbc.com/future}
}

@book{ostrom1990,
  author = {Ostrom, Elinor},
  title = {Governing the Commons},
  publisher = {Cambridge University Press},
  year = {1990}
}

@misc{romer2010,
  author = {Romer, Paul},
  title = {Technologies, Rules, and Progress: The Case for Charter Cities},
  year = {2010},
  howpublished = {Center for Global Development},
  url = {https://www.cgdev.org}
}

@book{torvalds1999,
  author = {Torvalds, Linus and Diamond, David},
  title = {Just for Fun: The Story of an Accidental Revolutionary},
  publisher = {Harper Business},
  year = {1999}
}

@misc{vanrossum1991,
  author = {van Rossum, Guido},
  title = {Python Tutorial},
  year = {1991},
  howpublished = {Centrum Wiskunde \& Informatica (CWI)}
}

@book{wolfram2002,
  author = {Wolfram, Stephen},
  title = {A New Kind of Science},
  publisher = {Wolfram Media},
  year = {2002}
}

@book{gates1995,
  author = {Gates, Bill},
  title = {The Road Ahead},
  publisher = {Viking},
  year = {1995}
}

@book{brin1998,
  author = {Brin, David},
  title = {The Transparent Society},
  publisher = {Addison-Wesley},
  year = {1998}
}

@book{dennett1984,
  author = {Dennett, Daniel C.},
  title = {Elbow Room: The Varieties of Free Will Worth Wanting},
  publisher = {MIT Press},
  year = {1984}
}
